@article{tondl:14,
 author = {Tondl, Elisabeth and Ramsay, Malcolm and Harrowell, Peter and Widmer-Cooper, Asaph},
 bdsk-file-1 = {YnBsaXN0MDDUAQIDBAUGJCVYJHZlcnNpb25YJG9iamVjdHNZJGFyY2hpdmVyVCR0b3ASAAGGoKgHCBMUFRYaIVUkbnVsbNMJCgsMDxJXTlMua2V5c1pOUy5vYmplY3RzViRjbGFzc6INDoACgAOiEBGABIAFgAdccmVsYXRpdmVQYXRoWWFsaWFzRGF0YV8QoS4uLy4uL0dvb2dsZSBEcml2ZS9Ib25vdXJzL3Jlc291cmNlcy9EZWZlY3QtbWVkaWF0ZWQgcmVsYXhhdGlvbiBpbiB0aGUgcmFuZG9tIHRpbGluZyBwaGFzZSBvZiBhIGJpbmFyeSBtaXh0dXJlLSBCaXJ0aCwgZGVhdGggYW5kIG1vYmlsaXR5IG9mIGFuIGF0b21pYyB6aXBwZXIucGRm0hcLGBlXTlMuZGF0YU8RAtgAAAAAAtgAAgAABERhdGEAAAAAAAAAAAAAAAAAAAAAAAAAAAAAANBlNehIKwAAAAK8Ch9EZWZlY3QtbWVkaWF0ZWQgcmVsYXgjOUM5QzYucGRmAAAAAAAAAAAAAAAAAAAAAAAAAAAAAAAAAAAAAAAAAAAACcnG0NF5dQAAAAAAAAAAAAIABAAACQAAAAAAAAAAAAAAAAAAAAAJcmVzb3VyY2VzAAAQAAgAANBkmzgAAAARAAgAANDQ3sUAAAABAAwAArwKAAEyEQAIkYMAAgBGRGF0YTpHb29nbGUgRHJpdmU6AEhvbm91cnM6AHJlc291cmNlczoARGVmZWN0LW1lZGlhdGVkIHJlbGF4IzlDOUM2LnBkZgAOAPoAfABEAGUAZgBlAGMAdAAtAG0AZQBkAGkAYQB0AGUAZAAgAHIAZQBsAGEAeABhAHQAaQBvAG4AIABpAG4AIAB0AGgAZQAgAHIAYQBuAGQAbwBtACAAdABpAGwAaQBuAGcAIABwAGgAYQBzAGUAIABvAGYAIABhACAAYgBpAG4AYQByAHkAIABtAGkAeAB0AHUAcgBlAC0AIABCAGkAcgB0AGgALAAgAGQAZQBhAHQAaAAgAGEAbgBkACAAbQBvAGIAaQBsAGkAdAB5ACAAbwBmACAAYQBuACAAYQB0AG8AbQBpAGMAIAB6AGkAcABwAGUAcgAuAHAAZABmAA8ACgAEAEQAYQB0AGEAEgCcL0dvb2dsZSBEcml2ZS9Ib25vdXJzL3Jlc291cmNlcy9EZWZlY3QtbWVkaWF0ZWQgcmVsYXhhdGlvbiBpbiB0aGUgcmFuZG9tIHRpbGluZyBwaGFzZSBvZiBhIGJpbmFyeSBtaXh0dXJlLSBCaXJ0aCwgZGVhdGggYW5kIG1vYmlsaXR5IG9mIGFuIGF0b21pYyB6aXBwZXIucGRmABMADS9Wb2x1bWVzL0RhdGEA//8AAIAG0hscHR5aJGNsYXNzbmFtZVgkY2xhc3Nlc11OU011dGFibGVEYXRhox0fIFZOU0RhdGFYTlNPYmplY3TSGxwiI1xOU0RpY3Rpb25hcnmiIiBfEA9OU0tleWVkQXJjaGl2ZXLRJidUcm9vdIABAAgAEQAaACMALQAyADcAQABGAE0AVQBgAGcAagBsAG4AcQBzAHUAdwCEAI4BMgE3AT8EGwQdBCIELQQ2BEQESARPBFgEXQRqBG0EfwSCBIcAAAAAAAACAQAAAAAAAAAoAAAAAAAAAAAAAAAAAAAEiQ==},
 bdsk-url-1 = {http://scitation.aip.org/content/aip/journal/jcp/140/10/10.1063/1.4867388},
 bdsk-url-2 = {http://dx.doi.org/10.1063/1.4867388},
 date-added = {2015-05-07 11:06:28 +0000},
 date-modified = {2015-05-07 11:06:28 +0000},
 doi = {10.1063/1.4867388},
 eid = {104503},
 journal = {Journal of Chemical Physics},
 number = {10},
 pages = {-},
 title = {Defect-mediated relaxation in the random tiling phase of a binary mixture: Birth, death and mobility of an atomic zipper},
 volume = {140},
 year = {2014}
}

